@online{Hoffstein2014,
    author  =   {Hoffstein, Jeffrey and Pipher, Jill and Silverman, Joseph H.},
    title   =   {An Introduction to Mathematical Cryptography},
    year    =   {2014},
    edition =   {2},
    isbn    =   {978-1-4939-1710-5},
    doi     =   {10.1007/978-1-4939-1711-2},
    language=   {english},
}

@book{Euclid,
	title = {Euclid's Elements of Geometry},
	author = {Euclid},
	edition = {Revised and corrected},
	publisher = {Richard Fitzpatrick},
	isbn = {978-0-6151-7984-1}
}

@book{Casey2007,
	title = {The First Six Books of the Elements of Euclid},
	author = {John Casey, Euclid},
	year = {2007}
}


@book{Judson2012,
	title	=	{Abstract Algebra. Theory and Applications},
	author	=	{T. W. Judson},
	date	=	{2012-08-12},
	url            = {abstract.pugetsound.edu},
}

@book{Tokareva1,
	author = {Токарева, Н. Н.},
	title = {Симметричная криптография. Краткий курс},
	publisher = {Novosibirsk State University},
	isbn = {978-5-4437-0067-0},
	year = {2012}
}

@book{Tokareva2,
	author = {Токарева, Н. Н.},
	title = {Нелинейные булевы функции},
	subtitle       = {бент функции и их обобщения},
	publisher = {LAP LAMBERT Academic Publishing},
	isbn = {978-3-8433-0904-2},
	year = {2011}
}

@book{Tarannikov,
  author = {Таранников, Ю. В.},
  title = {Дискретная математика. Задачник},
  subtitle       = {Учебное пособие для академического бакалавриата},
  year = {2016},
  isbn           = {9785991662833},
  publisher      = {Юрайт},
}